@Book{tucker2002appliedcombinatorics,
        author = "Tucker, A.",
        title = "Applied Combinatorics, 6th edition",
        publisher = "John Wiley \& Sons, Inc.",
        year = "2012"
}

@Book{garner2007combinatorialgametheory,
        author = "Garner, W.",
        title = "A Brief Introduction to Combinatorial Game Theory",
        publisher = "MathZoom Summer Camp",
        year = "2007"}


@Book{2001winningwaysforyourmathematicalplays,
        author = "Berlekamp, E. R. and Conway, J. H. and Guy, Richard K.",
        title = "Winning ways for your mathematical plays, 2nd edition",
        publisher = "Wellesey, SAD",
        year = "2001"}

@Book{1939mathematicsandgames,
        author = "Grundy, P.M",
        title = "Mathematics and Games",
        publisher = "Eureka",
        year = "1939"}

@Book{1973ubermathematischekampfspiele,
        author = "Sprague, R.P.",
        title = "Ãœber mathematische Kampfspiele",
        publisher = "Tohoku Mathematical Journal",
        year = "1973"}

@Book{2008gametheoryferguson,
        author = "Ferguson, T.S",
        title = "Game Theory",
        publisher = "UCLA",
        year = "2008"}